<?xml version="1.0" encoding="UTF-8"?>
<collection xmlns:xsi="http://www.w3.org/2001/XMLSchema-instance" xsi:schemaLocation="http://www.loc.gov/MARC21/slim http://www.loc.gov/standards/marcxml/schema/MARC21slim.xsd" xmlns="http://www.loc.gov/MARC21/slim">
<record>
  <leader>01074cam a2200265 a 4500</leader>
  <controlfield tag="001">668867</controlfield>
  <controlfield tag="003">NNC</controlfield>
  <controlfield tag="005">20100309221206.0</controlfield>
  <controlfield tag="008">880721s1970    iq cf         000 0bara d</controlfield>
  <datafield tag="035" ind1=" " ind2=" ">
    <subfield code="a">(OCoLC)50579256</subfield>
  </datafield>
  <datafield tag="035" ind1=" " ind2=" ">
    <subfield code="a">(OCoLC)ocm50579256</subfield>
  </datafield>
  <datafield tag="035" ind1=" " ind2=" ">
    <subfield code="a">(CStRLIN)NYCG88-B55089</subfield>
  </datafield>
  <datafield tag="035" ind1=" " ind2=" ">
    <subfield code="9">ACX7227CU</subfield>
  </datafield>
  <datafield tag="035" ind1=" " ind2=" ">
    <subfield code="a">(NNC)668867</subfield>
  </datafield>
  <datafield tag="040" ind1=" " ind2=" ">
    <subfield code="a">NN</subfield>
    <subfield code="c">NN</subfield>
    <subfield code="d">NNC</subfield>
  </datafield>
  <datafield tag="090" ind1=" " ind2=" ">
    <subfield code="a">PJ6024</subfield>
    <subfield code="b">.J38 1970g</subfield>
  </datafield>
  <datafield tag="100" ind1="1" ind2=" ">
    <subfield code="a">Ālūsī, Sālim.</subfield>
  </datafield>
  <datafield tag="245" ind1="1" ind2="0">
    <subfield code="a">Dhikrá Muṣṭafá Jawād :</subfield>
    <subfield code="b">majmūʻat al-kalimāt wa-al-qaṣāʾid allatī ulqiyat fī al-dhikrá al-arbaʻīnīyah li-Muṣṭafá Jawād fī 27-3-1970 /</subfield>
    <subfield code="c">iʻdād Sālim al-Ālūsī.</subfield>
  </datafield>
  <datafield tag="260" ind1=" " ind2=" ">
    <subfield code="a">Baghdād :</subfield>
    <subfield code="b">Maṭbaʻat al-Ḥukūmah,</subfield>
    <subfield code="c">1970.</subfield>
  </datafield>
  <datafield tag="300" ind1=" " ind2=" ">
    <subfield code="a">95 p., [8] leaves of plates :</subfield>
    <subfield code="b">ports. ;</subfield>
    <subfield code="c">24 cm.</subfield>
  </datafield>
  <datafield tag="490" ind1="1" ind2=" ">
    <subfield code="a">Silsilat al-kutub al-ḥadīthah ;</subfield>
    <subfield code="v">13</subfield>
  </datafield>
  <datafield tag="500" ind1=" " ind2=" ">
    <subfield code="a">In Arabic.</subfield>
  </datafield>
  <datafield tag="500" ind1=" " ind2=" ">
    <subfield code="a">At head of title: Wizārat al-Iʻlām, Mudīrīyat al-Thaqāfah al-ʻĀmmah.</subfield>
  </datafield>
  <datafield tag="600" ind1="1" ind2="0">
    <subfield code="a">Jawād, Muṣṭafá,</subfield>
    <subfield code="d">1905-1969.</subfield>
  </datafield>
  <datafield tag="830" ind1=" " ind2="0">
    <subfield code="a">Silsilat al-kutub al-ḥadīthah (Iraq. Wizārat al-Awqāf)</subfield>
  </datafield>
  <datafield tag="955" ind1=" " ind2=" ">
    <subfield code="b">1000105643</subfield>
    <subfield code="d">off,glx</subfield>
    <subfield code="e">PJ6024 .J38 1970g</subfield>
  </datafield>
</record>
</collection>